@ARTICLE{base,
  author = {Edilberto P. Teixeira and Gilson Laforga},
  title = {O CPLD (Dispositivo Complexo de Logica Programacao aplicado em automacao industrial},
  year = {2005},
  note = {Trabalho apresentado para “Feira SENAI Paulista de Inovação Tecnológica  -  INOVASENAI  2005”,  na  categoria  Equipamento. Realizado   pelos   alunos   do   curso   técnico   em   “Eletrônica- Automação  da  Manufatura”  turma  2004/2005  do  Centro de Treinamento SENAI/Lençóis Paulista-SP. }
}
